@inproceedings{chard20funcx,
title = {funcX: A Federated Function Serving Fabric for Science},
url = {http://dx.doi.org/10.1145/3369583.3392683},
DOI = {10.1145/3369583.3392683},
journal = {Proceedings of the 29th International Symposium on High-Performance Parallel and Distributed Computing},
publisher = {ACM},
author = {Chard, Ryan and Babuji, Yadu and Li, Zhuozhao and Skluzacek, Tyler and Woodard, Anna and Blaiszik, Ben and Foster, Ian and Chard, Kyle},
year = {2020},
month = {Jun},
}
@ARTICLE{2021arXiv210508657F,
       author = {{Faurobert}, Marianne and {Ricort}, Gilbert},
        title = "{Magnetic flux structuring of the quiet Sun internetwork. Center-to-limb analysis of solar-cycle variations}",
      journal = {arXiv e-prints},
     keywords = {Astrophysics - Solar and Stellar Astrophysics},
         year = 2021,
        month = may,
          eid = {arXiv:2105.08657},
        pages = {arXiv:2105.08657},
archivePrefix = {arXiv},
       eprint = {2105.08657},
 primaryClass = {astro-ph.SR},
       adsurl = {https://ui.adsabs.harvard.edu/abs/2021arXiv210508657F},
      adsnote = {Provided by the SAO/NASA Astrophysics Data System}
}

@ARTICLE{2021arXiv210514533R,
       author = {{Rutten}, Robert J.},
        title = "{Small-scale solar surface magnetism}",
      journal = {arXiv e-prints},
     keywords = {Astrophysics - Solar and Stellar Astrophysics},
         year = 2021,
        month = may,
          eid = {arXiv:2105.14533},
        pages = {arXiv:2105.14533},
archivePrefix = {arXiv},
       eprint = {2105.14533},
 primaryClass = {astro-ph.SR},
       adsurl = {https://ui.adsabs.harvard.edu/abs/2021arXiv210514533R},
      adsnote = {Provided by the SAO/NASA Astrophysics Data System}
}

@misc{ballot2021changes,
      title={Changes in granulation scales over the solar cycle seen with SDO/HMI and Hinode/SOT}, 
      author={J. Ballot and T. Roudier and J. M. Malherbe and Z. Frank},
      year={2021},
      eprint={2106.03556},
      archivePrefix={arXiv},
      primaryClass={astro-ph.SR}
}

@ARTICLE{2015ApJ...806..174J,
       author = {{Jin}, Chunlan and {Wang}, Jingxiu},
        title = "{Solar Cycle Variation of the Inter-network Magnetic Field}",
      journal = {\apj},
     keywords = {Sun: magnetic fields, Sun: photosphere, sunspots},
         year = 2015,
        month = jun,
       volume = {806},
       number = {2},
          eid = {174},
        pages = {174},
          doi = {10.1088/0004-637X/806/2/174},
       adsurl = {https://ui.adsabs.harvard.edu/abs/2015ApJ...806..174J},
      adsnote = {Provided by the SAO/NASA Astrophysics Data System}
}

@ARTICLE{2019LRSP...16....1B,
       author = {{Bellot Rubio}, Luis and {Orozco Su{\'a}rez}, David},
        title = "{Quiet Sun magnetic fields: an observational view}",
      journal = {Living Reviews in Solar Physics},
     keywords = {Magnetic fields, Polarization, Quiet Sun},
         year = 2019,
        month = feb,
       volume = {16},
       number = {1},
          eid = {1},
        pages = {1},
          doi = {10.1007/s41116-018-0017-1},
       adsurl = {https://ui.adsabs.harvard.edu/abs/2019LRSP...16....1B},
      adsnote = {Provided by the SAO/NASA Astrophysics Data System}
}

@ARTICLE{2013A&A...555A..33B,
       author = {{Buehler}, D. and {Lagg}, A. and {Solanki}, S.~K.},
        title = "{Quiet Sun magnetic fields observed by Hinode: Support for a local dynamo}",
      journal = {\aap},
     keywords = {Sun: surface magnetism, Sun: dynamo, Sun: evolution, Astrophysics - Solar and Stellar Astrophysics},
         year = 2013,
        month = jul,
       volume = {555},
          eid = {A33},
        pages = {A33},
          doi = {10.1051/0004-6361/201321152},
archivePrefix = {arXiv},
       eprint = {1307.0789},
 primaryClass = {astro-ph.SR},
       adsurl = {https://ui.adsabs.harvard.edu/abs/2013A&A...555A..33B},
      adsnote = {Provided by the SAO/NASA Astrophysics Data System}
}

@ARTICLE{2018SoPh..293...45H,
       author = {{Hoeksema}, J.~T. and {Baldner}, C.~S. and {Bush}, R.~I. and {Schou}, J. and {Scherrer}, P.~H.},
        title = "{On-Orbit Performance of the Helioseismic and Magnetic Imager Instrument onboard the Solar Dynamics Observatory}",
      journal = {\solphys},
     keywords = {Instrumentation and data management, Instrumental effects, Velocity fields, photosphere, Magnetic fields, Astrophysics - Solar and Stellar Astrophysics, Astrophysics - Instrumentation and Methods for Astrophysics},
         year = 2018,
        month = mar,
       volume = {293},
       number = {3},
          eid = {45},
        pages = {45},
          doi = {10.1007/s11207-018-1259-8},
archivePrefix = {arXiv},
       eprint = {1802.01731},
 primaryClass = {astro-ph.SR},
       adsurl = {https://ui.adsabs.harvard.edu/abs/2018SoPh..293...45H},
      adsnote = {Provided by the SAO/NASA Astrophysics Data System}
}

@ARTICLE{2016SoPh..291.1887C,
       author = {{Couvidat}, S. and {Schou}, J. and {Hoeksema}, J.~T. and {Bogart}, R.~S. and {Bush}, R.~I. and {Duvall}, T.~L. and {Liu}, Y. and {Norton}, A.~A. and {Scherrer}, P.~H.},
        title = "{Observables Processing for the Helioseismic and Magnetic Imager Instrument on the Solar Dynamics Observatory}",
      journal = {\solphys},
     keywords = {HMI, Magnetic fields, photosphere, Velocity fields, Helioseismology, Instrumental effects, Astrophysics - Solar and Stellar Astrophysics},
         year = 2016,
        month = aug,
       volume = {291},
       number = {7},
        pages = {1887-1938},
          doi = {10.1007/s11207-016-0957-3},
archivePrefix = {arXiv},
       eprint = {1606.02368},
 primaryClass = {astro-ph.SR},
       adsurl = {https://ui.adsabs.harvard.edu/abs/2016SoPh..291.1887C},
      adsnote = {Provided by the SAO/NASA Astrophysics Data System}
}

@ARTICLE{2014SoPh..289.3483H,
       author = {{Hoeksema}, J. Todd and {Liu}, Yang and {Hayashi}, Keiji and {Sun}, Xudong and {Schou}, Jesper and {Couvidat}, Sebastien and {Norton}, Aimee and {Bobra}, Monica and {Centeno}, Rebecca and {Leka}, K.~D. and {Barnes}, Graham and {Turmon}, Michael},
        title = "{The Helioseismic and Magnetic Imager (HMI) Vector Magnetic Field Pipeline: Overview and Performance}",
      journal = {\solphys},
     keywords = {Magnetic fields, photosphere, HMI: vector field, Solar active regions, Astrophysics - Solar and Stellar Astrophysics},
         year = 2014,
        month = sep,
       volume = {289},
       number = {9},
        pages = {3483-3530},
          doi = {10.1007/s11207-014-0516-8},
archivePrefix = {arXiv},
       eprint = {1404.1881},
 primaryClass = {astro-ph.SR},
       adsurl = {https://ui.adsabs.harvard.edu/abs/2014SoPh..289.3483H},
      adsnote = {Provided by the SAO/NASA Astrophysics Data System}
}

@ARTICLE{Stoica2004,
  author={Stoica, P. and Selen, Y.},
  journal={IEEE Signal Processing Magazine}, 
  title={Model-order selection: a review of information criterion rules}, 
  year={2004},
  volume={21},
  number={4},
  pages={36-47},
  doi={10.1109/MSP.2004.1311138}}


